@article{Ma:2013:DET,
 author = {Chongyang Ma and Li-Yi Wei and Sylvain Lefebvre and Xin Tong},
 title = {Dynamic Element Textures},
 journal = {ACM Transactions on Graphics},
 volume = {32},
 issue = {4},
 year = {2013},
 pages = {90:1--90:10},
}

@article{Ma:2011:DET,
 author = {Chongyang Ma and Li-Yi Wei and Xin Tong},
 title = {Discrete Element Textures},
 journal = {ACM Transactions on Graphics},
 volume = {30},
 issue = {4},
 year = {2011},
 pages = {62:1--10},
}

@article{Ma:2009:MFT,
 author = {Chongyang Ma and Li-Yi Wei and Baining Guo and Kun Zhou},
 title = {Motion Field Texture Synthesis},
 journal = {ACM Transactions on Graphics},
 volume = {28},
 issue = {5},
 year = {2009},
 pages = {110:1--8},
}
